
@online{noauthor_lora_nodate,
	title = {{LoRa} — {LoRa} documentation},
	url = {https://lora.readthedocs.io/en/latest/},
	urldate = {2024-12-12},
	file = {LoRa — LoRa documentation:/home/alzyohan/Zotero/storage/RLHX73X9/latest.html:text/html},
}

@misc{etsi_etsi_2018,
	title = {{ETSI} {EN} 300 220-2 V3.2.1},
	url = {https://www.etsi.org/deliver/etsi_en/300200_300299/30022002/03.02.01_60/en_30022002v030201p.pdf},
	author = {{ETSI}},
	date = {2018-06},
}
